2670 4222
298 1044 370 1155 ίᾖῈο
389 1095 445 1134 son
462 1077 486 1134 si
505 1094 580 1150 vago
599 1077 636 1134 de
655 1079 684 1133 la
704 1077 780 1134 bella
798 1079 924 1146 Aurora,

340 1183 434 1240 Unica
451 1183 534 1256 figlia
551 1183 583 1240 di
601 1183 669 1256 quel
688 1183 742 1240 che
755 1183 873 1240 l’alloro

344 1289 481 1346 Nobilito
500 1289 531 1346 in
549 1288 646 1360 prima
664 1307 718 1363 per
736 1288 839 1346 coloro

341 1394 403 1451 Che
421 1395 450 1450 ’n
467 1412 518 1452 ver
537 1394 580 1451 lui
599 1411 681 1452 corse
700 1411 716 1451 e
732 1397 804 1451 vuol
822 1411 938 1451 correre
952 1410 1069 1464 ancora,
1160 1390 1163 1397 '

265 1597 272 1608 ’
305 1601 393 1658 Ch'io
412 1601 453 1658 mi
471 1615 554 1660 sento
573 1619 709 1660 mancare
727 1603 765 1659 ad
784 1620 837 1659 ora
855 1602 893 1658 ad
912 1619 965 1659 ora

342 1709 374 1765 Sl
392 1709 461 1766 tutti
481 1709 490 1764 i
509 1708 596 1782 spirti
616 1708 694 1765 ch'io
714 1710 754 1765 mi
773 1708 936 1778 discolore,

344 1815 369 1869 E
388 1813 473 1871 dico:
487 1815 597 1886 Lasso,
618 1815 674 1871 ben
692 1814 797 1888 veggio
816 1812 893 1871 ch'io
913 1830 999 1870 moro

341 1919 396 1975 Per
415 1932 517 1993 questa
536 1919 613 1976 bella
632 1919 686 1976 che
705 1937 766 1976 non
784 1917 972 1976 s'innamora.

307 2125 356 2181 Ma
373 2143 403 2182 se
422 2127 578 2184 Prometeo
597 2137 674 2184 tosto
693 2143 754 2183 non
773 2125 815 2182 mi
835 2125 914 2198 spira

340 2230 393 2286 Del
413 2248 466 2287 suo
483 2231 568 2289 valor
586 2243 691 2288 contro
710 2231 751 2288 tal
770 2232 870 2287 donna
887 2230 989 2302 altera,

341 2336 396 2392 Per
415 2337 462 2393 cui
481 2349 542 2394 rete
560 2337 674 2394 d'amor
694 2336 754 2394 mai
774 2354 835 2394 non
848 2339 873 2394 si
892 2337 957 2407 tira,

236 2524 247 2546 ”
307 2541 428 2600 Conven
445 2543 523 2601 ch’io
543 2544 619 2600 entri
638 2543 686 2600 del
705 2555 782 2601 tutto
802 2545 833 2601 in
851 2543 880 2601 la
897 2544 1010 2602 schiera

340 2646 378 2704 Di
397 2648 474 2705 Dido
493 2667 509 2706 e
528 2648 559 2706 di
579 2649 601 2704 F
605 2649 676 2721 illis,
696 2649 724 2706 le
741 2650 810 2724 quai
829 2666 886 2706 con
905 2648 949 2705 ira

340 2753 465 2827 Spenser
484 2754 515 2811 di
533 2766 636 2829 questa
654 2755 715 2812 vita
733 2755 761 2810 la
781 2757 904 2812 lumera.

223 2961 381 2973 .---

239 3130 324 3176 Τηίῑο
338 3127 375 3173 dal
390 3128 447 3174 eod.
463 3129 595 3186 Bolognese,
610 3129 640 3173 N.
659 3128 718 3187 1289.

238 3200 313 3244 Vers:
325 3197 346 3244 3.
362 3197 442 3243 Luscio
451 3198 472 3244 ai
482 3198 621 3255 grammatIci
635 3197 651 3242 il
664 3199 777 3247 difendere
791 3198 813 3242 la
826 3197 1036 3255 agrammaticatura
1050 3195 1073 3240 di
1084 3208 1122 3242 co·

207 3271 266 3316 loro
279 3280 356 3314 corse.
370 3269 389 3314 ll
403 3268 462 3314 cod.
475 3269 539 3327 legge
551 3269 607 3324 cosi,
622 3270 650 3314 ne
664 3269 684 3314 si
698 3269 805 3327 potrebbe
818 3267 962 3314 accomodare
979 3266 996 3312 il
1013 3279 1078 3312 verso
1098 3266 1122 3311 in

207 3342 270 3387 altro
285 3339 363 3384 modo.
