<?xml version="1.0" encoding="UTF-8"?>
<!DOCTYPE html PUBLIC "-//W3C//DTD XHTML 1.0 Transitional//EN"
    "http://www.w3.org/TR/xhtml1/DTD/xhtml1-transitional.dtd">
<html xmlns="http://www.w3.org/1999/xhtml" xml:lang="en" lang="en">
 <head>
  <title>
</title>
<meta http-equiv="Content-Type" content="text/html;charset=utf-8" />
  <meta name='ocr-system' content='tesseract 3.04.00' />
  <meta name='ocr-capabilities' content='ocr_page ocr_carea ocr_par ocr_line ocrx_word'/>
</head>
<body>
  <div class='ocr_page' id='page_1' title='image "./rimecollavitade00petrgoog_0049.png"; bbox 0 0 2656 4244; ppageno 0'>
   <div class='ocr_carea' id='block_1_1' title="bbox 608 400 732 450">
    <p class='ocr_par' dir='ltr' id='par_1_1' title="bbox 608 400 732 450">
     <span class='ocr_line' id='line_1_1' title="bbox 608 400 732 450; baseline -0.024 -10"><span class='ocrx_word' id='word_1_1' title='bbox 608 400 732 450; x_wconf 75' lang='lat'><strong>..43-</strong></span> 
     </span>
    </p>
   </div>
   <div class='ocr_carea' id='block_1_2' title="bbox 183 530 1130 3209">
    <p class='ocr_par' dir='ltr' id='par_1_2' title="bbox 210 530 1124 1220">
     <span class='ocr_line' id='line_1_2' title="bbox 210 530 1122 622; baseline -0.001 -21"><span class='ocrx_word' id='word_1_2' title='bbox 210 555 246 601; x_wconf 90' lang='lat' dir='ltr'>se</span> <span class='ocrx_word' id='word_1_3' title='bbox 264 547 371 601; x_wconf 89' lang='lat' dir='ltr'>stesso</span> <span class='ocrx_word' id='word_1_4' title='bbox 394 531 609 622; x_wconf 62' lang='lat' dir='ltr'>superarem.</span> <span class='ocrx_word' id='word_1_5' title='bbox 635 530 792 618; x_wconf 89' lang='lat' dir='ltr'>Quando</span> <span class='ocrx_word' id='word_1_6' title='bbox 811 553 830 598; x_wconf 89' lang='lat' dir='ltr'>a</span> <span class='ocrx_word' id='word_1_7' title='bbox 857 531 989 609; x_wconf 82' lang='lat' dir='ltr'>Milano</span> <span class='ocrx_word' id='word_1_8' title='bbox 1003 531 1122 600; x_wconf 86' lang='lat' dir='ltr'>veniva</span> 
     </span>
     <span class='ocr_line' id='line_1_3' title="bbox 212 654 1122 747; baseline 0 -23"><span class='ocrx_word' id='word_1_9' title='bbox 212 676 273 747; x_wconf 86' lang='lat' dir='ltr'>per</span> <span class='ocrx_word' id='word_1_10' title='bbox 299 656 331 724; x_wconf 87' lang='lat' dir='ltr'>la</span> <span class='ocrx_word' id='word_1_11' title='bbox 347 655 499 746; x_wconf 83' lang='lat' dir='ltr'>maggior</span> <span class='ocrx_word' id='word_1_12' title='bbox 527 671 622 746; x_wconf 86' lang='lat' dir='ltr'>parte</span> <span class='ocrx_word' id='word_1_13' title='bbox 648 676 751 723; x_wconf 87' lang='lat' dir='ltr'>aveva</span> <span class='ocrx_word' id='word_1_14' title='bbox 784 655 973 724; x_wconf 87' lang='lat' dir='ltr'>abitazione</span> <span class='ocrx_word' id='word_1_15' title='bbox 997 678 1058 723; x_wconf 87' lang='lat' dir='ltr'>sua</span> <span class='ocrx_word' id='word_1_16' title='bbox 1088 654 1122 724; x_wconf 91' lang='lat' dir='ltr'>in</span> 
     </span>
     <span class='ocr_line' id='line_1_4' title="bbox 211 778 1120 869; baseline -0.003 -21"><span class='ocrx_word' id='word_1_17' title='bbox 211 802 282 848; x_wconf 84' lang='lat' dir='ltr'>una</span> <span class='ocrx_word' id='word_1_18' title='bbox 304 779 394 863; x_wconf 79' lang='lat' dir='ltr'>villa,</span> <span class='ocrx_word' id='word_1_19' title='bbox 415 799 484 846; x_wconf 93' lang='lat' dir='ltr'>non</span> <span class='ocrx_word' id='word_1_20' title='bbox 498 779 599 869; x_wconf 88' lang='lat' dir='ltr'>longa</span> <span class='ocrx_word' id='word_1_21' title='bbox 618 778 707 846; x_wconf 84' lang='lat' dir='ltr'>dalla</span> <span class='ocrx_word' id='word_1_22' title='bbox 731 778 810 846; x_wconf 63' lang='lat' dir='ltr'>cittis</span> <span class='ocrx_word' id='word_1_23' title='bbox 830 795 964 868; x_wconf 87' lang='lat' dir='ltr'>quattro</span> <span class='ocrx_word' id='word_1_24' title='bbox 986 778 1120 869; x_wconf 72' lang='lat' dir='ltr'>miglis,</span> 
     </span>
     <span class='ocr_line' id='line_1_5' title="bbox 212 901 1122 993; baseline -0.003 -21"><span class='ocrx_word' id='word_1_25' title='bbox 212 905 258 972; x_wconf 83' lang='lat' dir='ltr'>ad</span> <span class='ocrx_word' id='word_1_26' title='bbox 289 925 337 972; x_wconf 90' lang='lat' dir='ltr'>un</span> <span class='ocrx_word' id='word_1_27' title='bbox 359 903 434 970; x_wconf 90' lang='lat' dir='ltr'>loco</span> <span class='ocrx_word' id='word_1_28' title='bbox 453 902 545 970; x_wconf 91' lang='lat' dir='ltr'>detto</span> <span class='ocrx_word' id='word_1_29' title='bbox 573 901 750 990; x_wconf 81' lang='lat' dir='ltr'>Linterno‚</span> <span class='ocrx_word' id='word_1_30' title='bbox 780 924 879 970; x_wconf 90' lang='lat' dir='ltr'>verso</span> <span class='ocrx_word' id='word_1_31' title='bbox 897 902 1031 993; x_wconf 85' lang='lat' dir='ltr'>Cosago</span> <span class='ocrx_word' id='word_1_32' title='bbox 1060 923 1122 970; x_wconf 88' lang='lat' dir='ltr'>an·</span> 
     </span>
     <span class='ocr_line' id='line_1_6' title="bbox 212 1024 1124 1116; baseline -0.004 -20"><span class='ocrx_word' id='word_1_33' title='bbox 212 1027 339 1114; x_wconf 87' lang='lat' dir='ltr'>dando,</span> <span class='ocrx_word' id='word_1_34' title='bbox 360 1027 449 1094; x_wconf 88' lang='lat' dir='ltr'>dove</span> <span class='ocrx_word' id='word_1_35' title='bbox 468 1027 499 1094; x_wconf 88' lang='lat' dir='ltr'>la</span> <span class='ocrx_word' id='word_1_36' title='bbox 518 1047 594 1092; x_wconf 86' lang='lat' dir='ltr'>casa</span> <span class='ocrx_word' id='word_1_37' title='bbox 609 1045 683 1112; x_wconf 87' lang='lat' dir='ltr'>sua,</span> <span class='ocrx_word' id='word_1_38' title='bbox 699 1024 742 1092; x_wconf 87' lang='lat' dir='ltr'>da</span> <span class='ocrx_word' id='word_1_39' title='bbox 762 1024 807 1092; x_wconf 89' lang='lat' dir='ltr'>lui</span> <span class='ocrx_word' id='word_1_40' title='bbox 818 1025 959 1116; x_wconf 88' lang='lat' dir='ltr'>proprio</span> <span class='ocrx_word' id='word_1_41' title='bbox 971 1024 1124 1093; x_wconf 87' lang='lat' dir='ltr'>edificata</span> 
     </span>
     <span class='ocr_line' id='line_1_7' title="bbox 213 1146 914 1220; baseline -0.004 -1"><span class='ocrx_word' id='word_1_42' title='bbox 213 1149 303 1220; x_wconf 83' lang='lat' dir='ltr'>assai</span> <span class='ocrx_word' id='word_1_43' title='bbox 326 1149 616 1218; x_wconf 87' lang='lat' dir='ltr'>moderatamente</span> <span class='ocrx_word' id='word_1_44' title='bbox 639 1170 745 1216; x_wconf 88' lang='lat' dir='ltr'>ancor</span> <span class='ocrx_word' id='word_1_45' title='bbox 767 1146 794 1214; x_wconf 91' lang='lat' dir='ltr'>si</span> <span class='ocrx_word' id='word_1_46' title='bbox 818 1148 914 1217; x_wconf 87' lang='lat' dir='ltr'>vede.</span> 
     </span>
    </p>

    <p class='ocr_par' dir='ltr' id='par_1_3' title="bbox 183 1269 1130 3209">
     <span class='ocr_line' id='line_1_8' title="bbox 260 1269 1124 1361; baseline -0.002 -21"><span class='ocrx_word' id='word_1_47' title='bbox 260 1273 341 1340; x_wconf 81' lang='lat' dir='ltr'>nlla</span> <span class='ocrx_word' id='word_1_48' title='bbox 366 1271 432 1339; x_wconf 89' lang='lat' dir='ltr'>fine</span> <span class='ocrx_word' id='word_1_49' title='bbox 452 1272 557 1338; x_wconf 86' lang='lat' dir='ltr'>molto</span> <span class='ocrx_word' id='word_1_50' title='bbox 579 1270 716 1339; x_wconf 90' lang='lat' dir='ltr'>vecchio</span> <span class='ocrx_word' id='word_1_51' title='bbox 734 1271 906 1358; x_wconf 79' lang='lat' dir='ltr'>divenu10‚</span> <span class='ocrx_word' id='word_1_52' title='bbox 926 1269 960 1338; x_wconf 91' lang='lat' dir='ltr'>in</span> <span class='ocrx_word' id='word_1_53' title='bbox 980 1273 1010 1339; x_wconf 87' lang='lat' dir='ltr'>la</span> <span class='ocrx_word' id='word_1_54' title='bbox 1031 1288 1124 1361; x_wconf 85' lang='lat' dir='ltr'>parte</span> 
     </span>
     <span class='ocr_line' id='line_1_9' title="bbox 214 1392 1125 1485; baseline 0 -22"><span class='ocrx_word' id='word_1_55' title='bbox 214 1418 234 1462; x_wconf 82' lang='lat' dir='ltr'>a</span> <span class='ocrx_word' id='word_1_56' title='bbox 257 1393 374 1463; x_wconf 86' lang='lat' dir='ltr'>Padoa</span> <span class='ocrx_word' id='word_1_57' title='bbox 392 1393 586 1485; x_wconf 86' lang='lat' dir='ltr'>propinqua</span> <span class='ocrx_word' id='word_1_58' title='bbox 605 1392 676 1462; x_wconf 84' lang='lat' dir='ltr'>fare</span> <span class='ocrx_word' id='word_1_59' title='bbox 695 1394 837 1463; x_wconf 84' lang='lat' dir='ltr'>l’ultima</span> <span class='ocrx_word' id='word_1_60' title='bbox 857 1418 917 1462; x_wconf 87' lang='lat' dir='ltr'>sua</span> <span class='ocrx_word' id='word_1_61' title='bbox 937 1395 1125 1463; x_wconf 86' lang='lat' dir='ltr'>abitazione</span> 
     </span>
     <span class='ocr_line' id='line_1_10' title="bbox 216 1517 1126 1609; baseline -0.001 -23"><span class='ocrx_word' id='word_1_62' title='bbox 216 1518 243 1586; x_wconf 89' lang='lat' dir='ltr'>si</span> <span class='ocrx_word' id='word_1_63' title='bbox 264 1517 412 1609; x_wconf 88' lang='lat' dir='ltr'>dispose‚</span> <span class='ocrx_word' id='word_1_64' title='bbox 437 1518 559 1585; x_wconf 83' lang='lat' dir='ltr'>edalla</span> <span class='ocrx_word' id='word_1_65' title='bbox 580 1517 790 1586; x_wconf 83' lang='lat' dir='ltr'>beliezzadel</span> <span class='ocrx_word' id='word_1_66' title='bbox 809 1519 882 1586; x_wconf 92' lang='lat' dir='ltr'>loco</span> <span class='ocrx_word' id='word_1_67' title='bbox 902 1517 1053 1605; x_wconf 71' lang='lat' dir='ltr'>invitam,</span> <span class='ocrx_word' id='word_1_68' title='bbox 1065 1540 1126 1609; x_wconf 88' lang='lat' dir='ltr'>per</span> 
     </span>
     <span class='ocr_line' id='line_1_11' title="bbox 216 1639 1126 1732; baseline 0 -22"><span class='ocrx_word' id='word_1_69' title='bbox 216 1643 248 1710; x_wconf 88' lang='lat' dir='ltr'>la</span> <span class='ocrx_word' id='word_1_70' title='bbox 270 1641 418 1710; x_wconf 66' lang='lat' dir='ltr'>amoniti</span> <span class='ocrx_word' id='word_1_71' title='bbox 436 1639 515 1708; x_wconf 93' lang='lat' dir='ltr'>delli</span> <span class='ocrx_word' id='word_1_72' title='bbox 537 1639 615 1708; x_wconf 87' lang='lat' dir='ltr'>colli</span> <span class='ocrx_word' id='word_1_73' title='bbox 637 1640 800 1732; x_wconf 83' lang='lat' dir='ltr'>Euganei,</span> <span class='ocrx_word' id='word_1_74' title='bbox 822 1641 962 1709; x_wconf 87' lang='lat' dir='ltr'>insieme</span> <span class='ocrx_word' id='word_1_75' title='bbox 976 1662 1039 1709; x_wconf 91' lang='lat' dir='ltr'>con</span> <span class='ocrx_word' id='word_1_76' title='bbox 1056 1665 1126 1710; x_wconf 93' lang='lat' dir='ltr'>uno</span> 
     </span>
     <span class='ocr_line' id='line_1_12' title="bbox 216 1763 1126 1857; baseline -0.002 -23"><span class='ocrx_word' id='word_1_77' title='bbox 216 1787 322 1835; x_wconf 88' lang='lat' dir='ltr'>uomo</span> <span class='ocrx_word' id='word_1_78' title='bbox 343 1765 465 1857; x_wconf 86' lang='lat' dir='ltr'>gentile</span> <span class='ocrx_word' id='word_1_79' title='bbox 488 1765 685 1856; x_wconf 81' lang='lat' dir='ltr'>padovano‚</span> <span class='ocrx_word' id='word_1_80' title='bbox 706 1766 797 1833; x_wconf 91' lang='lat' dir='ltr'>detto</span> <span class='ocrx_word' id='word_1_81' title='bbox 817 1764 1015 1833; x_wconf 84' lang='lat' dir='ltr'>Lornbardo</span> <span class='ocrx_word' id='word_1_82' title='bbox 1037 1763 1126 1832; x_wconf 87' lang='lat' dir='ltr'>dalla</span> 
     </span>
     <span class='ocr_line' id='line_1_13' title="bbox 210 1886 1127 1978; baseline -0.007 -19"><span class='ocrx_word' id='word_1_83' title='bbox 210 1887 307 1975; x_wconf 88' lang='lat' dir='ltr'>Seta,</span> <span class='ocrx_word' id='word_1_84' title='bbox 328 1888 363 1955; x_wconf 93' lang='lat' dir='ltr'>in</span> <span class='ocrx_word' id='word_1_85' title='bbox 384 1911 454 1955; x_wconf 94' lang='lat' dir='ltr'>uno</span> <span class='ocrx_word' id='word_1_86' title='bbox 470 1887 767 1978; x_wconf 83' lang='lat' dir='ltr'>lococh’Arquate</span> <span class='ocrx_word' id='word_1_87' title='bbox 783 1887 957 1978; x_wconf 83' lang='lat' dir='ltr'>s&#39;appella,</span> <span class='ocrx_word' id='word_1_88' title='bbox 974 1886 1127 1954; x_wconf 86' lang='lat' dir='ltr'>edificata</span> 
     </span>
     <span class='ocr_line' id='line_1_14' title="bbox 183 1998 1125 2093; baseline -0.002 -15"><span class='ocrx_word' id='word_1_89' title='bbox 183 1998 190 2025; x_wconf 81' lang='lat'>⁸</span> <span class='ocrx_word' id='word_1_90' title='bbox 217 2033 285 2079; x_wconf 86' lang='lat' dir='ltr'>una</span> <span class='ocrx_word' id='word_1_91' title='bbox 300 2011 387 2079; x_wconf 87' lang='lat' dir='ltr'>bella</span> <span class='ocrx_word' id='word_1_92' title='bbox 405 2010 595 2080; x_wconf 82' lang='lat' dir='ltr'>abitozione</span> <span class='ocrx_word' id='word_1_93' title='bbox 610 2012 644 2078; x_wconf 90' lang='lat' dir='ltr'>di</span> <span class='ocrx_word' id='word_1_94' title='bbox 664 2011 744 2079; x_wconf 85' lang='lat' dir='ltr'>olivi</span> <span class='ocrx_word' id='word_1_95' title='bbox 759 2034 777 2079; x_wconf 86' lang='lat' dir='ltr'>e</span> <span class='ocrx_word' id='word_1_96' title='bbox 792 2011 850 2078; x_wconf 88' lang='lat' dir='ltr'>viti</span> <span class='ocrx_word' id='word_1_97' title='bbox 868 2009 1074 2093; x_wconf 81' lang='lat' dir='ltr'>circondata‚</span> <span class='ocrx_word' id='word_1_98' title='bbox 1092 2009 1125 2076; x_wconf 90' lang='lat' dir='ltr'>in</span> 
     </span>
     <span class='ocr_line' id='line_1_15' title="bbox 215 2130 1125 2201; baseline 0 -1"><span class='ocrx_word' id='word_1_99' title='bbox 215 2130 366 2200; x_wconf 91' lang='lat' dir='ltr'>continui</span> <span class='ocrx_word' id='word_1_100' title='bbox 390 2132 480 2200; x_wconf 87' lang='lat' dir='ltr'>studi</span> <span class='ocrx_word' id='word_1_101' title='bbox 504 2155 522 2201; x_wconf 89' lang='lat' dir='ltr'>e</span> <span class='ocrx_word' id='word_1_102' title='bbox 547 2132 651 2200; x_wconf 88' lang='lat' dir='ltr'>diletti</span> <span class='ocrx_word' id='word_1_103' title='bbox 675 2133 826 2201; x_wconf 87' lang='lat' dir='ltr'>filosofici</span> <span class='ocrx_word' id='word_1_104' title='bbox 852 2150 947 2201; x_wconf 88' lang='lat' dir='ltr'>stette</span> <span class='ocrx_word' id='word_1_105' title='bbox 970 2156 990 2200; x_wconf 86' lang='lat' dir='ltr'>a</span> <span class='ocrx_word' id='word_1_106' title='bbox 1013 2132 1125 2200; x_wconf 89' lang='lat' dir='ltr'>dimo-</span> 
     </span>
     <span class='ocr_line' id='line_1_16' title="bbox 217 2253 1125 2341; baseline -0.001 -20"><span class='ocrx_word' id='word_1_107' title='bbox 217 2276 310 2341; x_wconf 87' lang='lat' dir='ltr'>rare,</span> <span class='ocrx_word' id='word_1_108' title='bbox 332 2253 365 2323; x_wconf 92' lang='lat' dir='ltr'>di</span> <span class='ocrx_word' id='word_1_109' title='bbox 392 2254 497 2322; x_wconf 88' lang='lat' dir='ltr'>niuna</span> <span class='ocrx_word' id='word_1_110' title='bbox 520 2256 605 2323; x_wconf 88' lang='lat' dir='ltr'>altra</span> <span class='ocrx_word' id='word_1_111' title='bbox 632 2277 711 2322; x_wconf 87' lang='lat' dir='ltr'>cosa</span> <span class='ocrx_word' id='word_1_112' title='bbox 736 2278 817 2324; x_wconf 82' lang='lat' dir='ltr'>cura</span> <span class='ocrx_word' id='word_1_113' title='bbox 839 2254 981 2323; x_wconf 84' lang='lat' dir='ltr'>fatendo</span> <span class='ocrx_word' id='word_1_114' title='bbox 1004 2255 1067 2322; x_wconf 86' lang='lat' dir='ltr'>che</span> <span class='ocrx_word' id='word_1_115' title='bbox 1092 2255 1125 2320; x_wconf 88' lang='lat' dir='ltr'>di</span> 
     </span>
     <span class='ocr_line' id='line_1_17' title="bbox 217 2377 1126 2466; baseline -0.002 -20"><span class='ocrx_word' id='word_1_116' title='bbox 217 2378 303 2446; x_wconf 88' lang='lat' dir='ltr'>bene</span> <span class='ocrx_word' id='word_1_117' title='bbox 325 2378 368 2446; x_wconf 91' lang='lat' dir='ltr'>ed</span> <span class='ocrx_word' id='word_1_118' title='bbox 391 2395 622 2447; x_wconf 85' lang='lat' dir='ltr'>onestamente</span> <span class='ocrx_word' id='word_1_119' title='bbox 641 2396 831 2466; x_wconf 83' lang='lat' dir='ltr'>trapassare</span> <span class='ocrx_word' id='word_1_120' title='bbox 849 2380 880 2446; x_wconf 91' lang='lat' dir='ltr'>la</span> <span class='ocrx_word' id='word_1_121' title='bbox 906 2377 974 2446; x_wconf 82' lang='lat' dir='ltr'>vita</span> <span class='ocrx_word' id='word_1_122' title='bbox 993 2400 1067 2464; x_wconf 89' lang='lat' dir='ltr'>sua,</span> <span class='ocrx_word' id='word_1_123' title='bbox 1093 2377 1126 2444; x_wconf 93' lang='lat' dir='ltr'>di</span> 
     </span>
     <span class='ocr_line' id='line_1_18' title="bbox 215 2499 1127 2592; baseline -0.002 -23"><span class='ocrx_word' id='word_1_124' title='bbox 215 2501 282 2569; x_wconf 91' lang='lat' dir='ltr'>due</span> <span class='ocrx_word' id='word_1_125' title='bbox 300 2499 427 2592; x_wconf 84' lang='lat' dir='ltr'>famigii</span> <span class='ocrx_word' id='word_1_126' title='bbox 453 2503 495 2569; x_wconf 89' lang='lat' dir='ltr'>ed</span> <span class='ocrx_word' id='word_1_127' title='bbox 514 2525 584 2570; x_wconf 92' lang='lat' dir='ltr'>uno</span> <span class='ocrx_word' id='word_1_128' title='bbox 605 2502 758 2571; x_wconf 88' lang='lat' dir='ltr'>scrittore</span> <span class='ocrx_word' id='word_1_129' title='bbox 773 2519 944 2571; x_wconf 79' lang='lat' dir='ltr'>contento,</span> <span class='ocrx_word' id='word_1_130' title='bbox 972 2501 1127 2569; x_wconf 89' lang='lat' dir='ltr'>Essendo</span> 
     </span>
     <span class='ocr_line' id='line_1_19' title="bbox 217 2625 1128 2717; baseline 0 -24"><span class='ocrx_word' id='word_1_131' title='bbox 217 2626 249 2693; x_wconf 89' lang='lat' dir='ltr'>la</span> <span class='ocrx_word' id='word_1_132' title='bbox 267 2645 350 2693; x_wconf 86' lang='lat' dir='ltr'>cura</span> <span class='ocrx_word' id='word_1_133' title='bbox 368 2625 456 2692; x_wconf 87' lang='lat' dir='ltr'>della</span> <span class='ocrx_word' id='word_1_134' title='bbox 480 2648 559 2693; x_wconf 84' lang='lat' dir='ltr'>casa</span> <span class='ocrx_word' id='word_1_135' title='bbox 580 2648 598 2695; x_wconf 98' lang='lat' dir='ltr'>e</span> <span class='ocrx_word' id='word_1_136' title='bbox 617 2627 704 2694; x_wconf 89' lang='lat' dir='ltr'>della</span> <span class='ocrx_word' id='word_1_137' title='bbox 723 2649 869 2717; x_wconf 88' lang='lat' dir='ltr'>persona</span> <span class='ocrx_word' id='word_1_138' title='bbox 889 2648 950 2693; x_wconf 89' lang='lat' dir='ltr'>sua</span> <span class='ocrx_word' id='word_1_139' title='bbox 970 2625 1003 2693; x_wconf 92' lang='lat' dir='ltr'>in</span> <span class='ocrx_word' id='word_1_140' title='bbox 1025 2646 1128 2693; x_wconf 87' lang='lat' dir='ltr'>mano</span> 
     </span>
     <span class='ocr_line' id='line_1_20' title="bbox 217 2747 1128 2838; baseline 0 -23"><span class='ocrx_word' id='word_1_141' title='bbox 217 2747 323 2815; x_wconf 74' lang='lat' dir='ltr'>d&#39;uno</span> <span class='ocrx_word' id='word_1_142' title='bbox 341 2747 608 2838; x_wconf 88' lang='lat' dir='ltr'>prudentissimo</span> <span class='ocrx_word' id='word_1_143' title='bbox 627 2770 744 2835; x_wconf 86' lang='lat' dir='ltr'>uomo,</span> <span class='ocrx_word' id='word_1_144' title='bbox 766 2748 857 2816; x_wconf 86' lang='lat' dir='ltr'>deno</span> <span class='ocrx_word' id='word_1_145' title='bbox 877 2749 1066 2816; x_wconf 87' lang='lat' dir='ltr'>Francesco</span> <span class='ocrx_word' id='word_1_146' title='bbox 1085 2747 1128 2815; x_wconf 85' lang='lat' dir='ltr'>da</span> 
     </span>
     <span class='ocr_line' id='line_1_21' title="bbox 220 2870 1129 2962; baseline 0.003 -25"><span class='ocrx_word' id='word_1_147' title='bbox 220 2870 406 2958; x_wconf 87' lang='lat' dir='ltr'>Brossano,</span> <span class='ocrx_word' id='word_1_148' title='bbox 417 2892 623 2961; x_wconf 81' lang='lat' dir='ltr'>suogenero,</span> <span class='ocrx_word' id='word_1_149' title='bbox 636 2893 656 2938; x_wconf 91' lang='lat' dir='ltr'>a</span> <span class='ocrx_word' id='word_1_150' title='bbox 670 2872 724 2939; x_wconf 89' lang='lat' dir='ltr'>cui</span> <span class='ocrx_word' id='word_1_151' title='bbox 740 2894 809 2939; x_wconf 87' lang='lat' dir='ltr'>una</span> <span class='ocrx_word' id='word_1_152' title='bbox 825 2893 886 2939; x_wconf 87' lang='lat' dir='ltr'>sua</span> <span class='ocrx_word' id='word_1_153' title='bbox 901 2871 1049 2962; x_wconf 85' lang='lat' dir='ltr'>figliuola</span> <span class='ocrx_word' id='word_1_154' title='bbox 1061 2894 1129 2941; x_wconf 93' lang='lat' dir='ltr'>non</span> 
     </span>
     <span class='ocr_line' id='line_1_22' title="bbox 217 2991 1129 3084; baseline 0.001 -22"><span class='ocrx_word' id='word_1_155' title='bbox 217 2992 378 3084; x_wconf 88' lang='lat' dir='ltr'>legittima</span> <span class='ocrx_word' id='word_1_156' title='bbox 396 3013 457 3078; x_wconf 88' lang='lat' dir='ltr'>per</span> <span class='ocrx_word' id='word_1_157' title='bbox 476 2991 597 3083; x_wconf 87' lang='lat' dir='ltr'>moglie</span> <span class='ocrx_word' id='word_1_158' title='bbox 617 2995 697 3062; x_wconf 88' lang='lat' dir='ltr'>dato</span> <span class='ocrx_word' id='word_1_159' title='bbox 715 3017 809 3075; x_wconf 79' lang='lat' dir='ltr'>ovea,</span> <span class='ocrx_word' id='word_1_160' title='bbox 833 2995 874 3063; x_wconf 88' lang='lat' dir='ltr'>ed</span> <span class='ocrx_word' id='word_1_161' title='bbox 895 2995 929 3062; x_wconf 91' lang='lat' dir='ltr'>in</span> <span class='ocrx_word' id='word_1_162' title='bbox 952 2995 1030 3084; x_wconf 89' lang='lat' dir='ltr'>quel</span> <span class='ocrx_word' id='word_1_163' title='bbox 1055 2996 1129 3064; x_wconf 89' lang='lat' dir='ltr'>loco</span> 
     </span>
     <span class='ocr_line' id='line_1_23' title="bbox 217 3117 1130 3209; baseline 0.003 -26"><span class='ocrx_word' id='word_1_164' title='bbox 217 3117 479 3207; x_wconf 86' lang='lat' dir='ltr'>perseverand0‚</span> <span class='ocrx_word' id='word_1_165' title='bbox 495 3117 550 3185; x_wconf 86' lang='lat' dir='ltr'>del</span> <span class='ocrx_word' id='word_1_166' title='bbox 564 3118 653 3187; x_wconf 88' lang='lat' dir='ltr'>male</span> <span class='ocrx_word' id='word_1_167' title='bbox 672 3118 760 3186; x_wconf 87' lang='lat' dir='ltr'>della</span> <span class='ocrx_word' id='word_1_168' title='bbox 780 3119 948 3209; x_wconf 83' lang='lat' dir='ltr'>epilessia,</span> <span class='ocrx_word' id='word_1_169' title='bbox 960 3118 1015 3187; x_wconf 92' lang='lat' dir='ltr'>del</span> <span class='ocrx_word' id='word_1_170' title='bbox 1031 3120 1130 3208; x_wconf 88' lang='lat' dir='ltr'>quale</span> 
     </span>
    </p>
   </div>
   <div class='ocr_carea' id='block_1_3' title="bbox 221 3280 374 3292">
    <p class='ocr_par' dir='ltr' id='par_1_4' title="bbox 221 3280 374 3292">
     <span class='ocr_line' id='line_1_24' title="bbox 221 3280 374 3292; baseline -0.007 0"><span class='ocrx_word' id='word_1_171' title='bbox 221 3280 374 3292; x_wconf 63' lang='lat' dir='ltr'>fl·-</span> 
     </span>
    </p>
   </div>
   <div class='ocr_carea' id='block_1_4' title="bbox 247 3383 957 3441">
    <p class='ocr_par' dir='ltr' id='par_1_5' title="bbox 247 3383 957 3441">
     <span class='ocr_line' id='line_1_25' title="bbox 247 3383 957 3441; baseline 0.006 -13"><span class='ocrx_word' id='word_1_172' title='bbox 247 3385 276 3440; x_wconf 65' lang='grc' dir='ltr'>(ι)</span> <span class='ocrx_word' id='word_1_173' title='bbox 291 3384 321 3428; x_wconf 93' lang='lat' dir='ltr'>V.</span> <span class='ocrx_word' id='word_1_174' title='bbox 339 3384 396 3429; x_wconf 86' lang='lat' dir='ltr'>Lett.</span> <span class='ocrx_word' id='word_1_175' title='bbox 412 3383 493 3441; x_wconf 81' lang='lat' dir='ltr'>Senili,</span> <span class='ocrx_word' id='word_1_176' title='bbox 506 3384 547 3429; x_wconf 88' lang='lat' dir='ltr'>lib.</span> <span class='ocrx_word' id='word_1_177' title='bbox 562 3385 593 3431; x_wconf 84' lang='lat' dir='ltr'>V.</span> <span class='ocrx_word' id='word_1_178' title='bbox 607 3384 653 3431; x_wconf 84' lang='lat' dir='ltr'>len.</span> <span class='ocrx_word' id='word_1_179' title='bbox 667 3386 677 3431; x_wconf 92' lang='lat'>1</span> <span class='ocrx_word' id='word_1_180' title='bbox 692 3398 706 3431; x_wconf 81' lang='grc' dir='ltr'>ι</span> <span class='ocrx_word' id='word_1_181' title='bbox 720 3385 818 3432; x_wconf 83' lang='lat' dir='ltr'>Gioonni</span> <span class='ocrx_word' id='word_1_182' title='bbox 832 3387 957 3434; x_wconf 74' lang='lat' dir='ltr'>Boccaccio.</span> 
     </span>
    </p>
   </div>
   <div class='ocr_carea' id='block_1_5' title="bbox 0 0 1344 4244">
    <p class='ocr_par' dir='ltr' id='par_1_6' title="bbox 0 0 1344 4244">
     <span class='ocr_line' id='line_1_26' title="bbox 0 0 1344 4244; baseline 0 0"><span class='ocrx_word' id='word_1_183' title='bbox 0 0 1344 4244; x_wconf 95' lang='lat' dir='ltr'> </span> 
     </span>
    </p>
   </div>
  </div>
 </body>
</html>
